@article{Fienup1982,
	title={Phase retrieval algorithms: a comparison},
	author={Fienup, James R},
	journal={Applied optics},
	volume={21},
	number={15},
	pages={2758--2769},
	year={1982},
	publisher={Optical Society of America}
}

@article{Li2017a,
	title={On relaxed averaged alternating reflections (RAAR) algorithm for phase retrieval with structured illumination},
	author={Li, Ji and Zhou, Tie},
	journal={Inverse Problems},
	volume={33},
	number={2},
	pages={025012},
	year={2017},
	publisher={IOP Publishing}
}

@article{Conca2015,
	title={An algebraic characterization of injectivity in phase retrieval},
	author={Conca, Aldo and Edidin, Dan and Hering, Milena and Vinzant, Cynthia},
	journal={Applied and Computational Harmonic Analysis},
	volume={38},
	number={2},
	pages={346--356},
	year={2015},
	publisher={Elsevier}
}

@incollection{Bendory2017,
	title={Fourier phase retrieval: Uniqueness and algorithms},
	author={Bendory, Tamir and Beinert, Robert and Eldar, Yonina C},
	booktitle={Compressed Sensing and its Applications},
	pages={55--91},
	year={2017},
	publisher={Springer}
}

@article{Bandeira2014,
	title={Saving phase: Injectivity and stability for phase retrieval},
	author={Bandeira, Afonso S and Cahill, Jameson and Mixon, Dustin G and Nelson, Aaron A},
	journal={Applied and Computational Harmonic Analysis},
	volume={37},
	number={1},
	pages={106--125},
	year={2014},
	publisher={Elsevier}
}

@article{Marchesini2007,
	title={Phase retrieval and saddle-point optimization},
	author={Marchesini, Stefano},
	journal={JOSA A},
	volume={24},
	number={10},
	pages={3289--3296},
	year={2007},
	publisher={Optical Society of America}
}


@article{Soltanolkotabi2017,
	title={Structured signal recovery from quadratic measurements: Breaking sample complexity barriers via nonconvex optimization},
	author={Soltanolkotabi, Mahdi},
	journal={arXiv preprint arXiv:1702.06175},
	year={2017}
}

@article{Ma2017,
	title={Implicit regularization in nonconvex statistical estimation: Gradient descent converges linearly for phase retrieval, matrix completion and blind deconvolution},
	author={Ma, Cong and Wang, Kaizheng and Chi, Yuejie and Chen, Yuxin},
	journal={arXiv preprint arXiv:1711.10467},
	year={2017}
}

@article{Elser2017a,
	title={Matrix product constraints by projection methods},
	author={Elser, Veit},
	journal={Journal of Global Optimization},
	volume={68},
	number={2},
	pages={329--355},
	year={2017},
	publisher={Springer}
}

@article{Bauschke2004,
	title={Finding best approximation pairs relative to two closed convex sets in {H}ilbert spaces},
	author={Bauschke, Heinz H and Combettes, Patrick L and Luke, D Russell},
	journal={Journal of Approximation Theory},
	volume={127},
	number={2},
	pages={178--192},
	year={2004},
	publisher={Elsevier}
}

@article{Elser2018,
	title={The complexity of bit retrieval},
	author={Elser, Veit},
	journal={IEEE Transactions on Information Theory},
	volume={64},
	number={1},
	pages={412--428},
	year={2018},
	publisher={IEEE}
}

@article{Elser2017,
	title={Benchmark problems for phase retrieval},
	author={Elser, Veit and Lan, Ti-Yen and Bendory, Tamir},
	journal={arXiv preprint arXiv:1706.00399},
	year={2017}
}

@article{Luke2005,
	title={Relaxed averaged alternating reflections for diffraction imaging},
	author={Luke, D Russell},
	journal={Inverse problems},
	volume={21},
	number={1},
	pages={37},
	year={2004},
	publisher={IOP Publishing}
}

@article{walther1963question,
	title={The question of phase retrieval in optics},
	author={Walther, Adriaan},
	journal={Optica Acta: International Journal of Optics},
	volume={10},
	number={1},
	pages={41--49},
	year={1963},
	publisher={Taylor \& Francis}
}

@book{artioli2002fundamentals,
	title={Fundamentals of crystallography},
	author={Artioli, G and Monaco, Hugo L and Viterbo, Davide and Ferraris, G and Gilli, Gastone and Zanotti, G and Catti, M},
	volume={7},
	year={2002},
	publisher={Oxford university press, USA}
}

@article{shechtman2015phase,
	title={Phase retrieval with application to optical imaging: a contemporary overview},
	author={Shechtman, Yoav and Eldar, Yonina C and Cohen, Oren and Chapman, Henry Nicholas and Miao, Jianwei and Segev, Mordechai},
	journal={IEEE signal processing magazine},
	volume={32},
	number={3},
	pages={87--109},
	year={2015},
	publisher={IEEE}
}

@book{trebino2012frequency,
	title={Frequency-resolved optical gating: the measurement of ultrashort laser pulses},
	author={Trebino, Rick},
	year={2012},
	publisher={Springer Science \& Business Media}
}

@article{fienup1987phase,
	title={Phase retrieval and image reconstruction for astronomy},
	author={Fienup, C and Dainty, J},
	journal={Image Recovery: Theory and Application},
	volume={231},
	pages={275},
	year={1987},
	publisher={Academic}
}

@article{baykal2004blind,
	title={Blind channel estimation via combining autocorrelation and blind phase estimation},
	author={Baykal, Buyurmaiz},
	journal={IEEE Transactions on Circuits and Systems I: Regular Papers},
	volume={51},
	number={6},
	pages={1125--1131},
	year={2004},
	publisher={IEEE}
}

@book{lawrence2008fundamentals,
	title={Fundamentals of speech recognition},
	author={Lawrence, Rabiner},
	year={2008},
	publisher={Pearson Education India}
}

@article{bendory2017bispectrum,
	title={Bispectrum inversion with application to multireference alignment},
	author={Bendory, Tamir and Boumal, Nicolas and Ma, Chao and Zhao, Zhizhen and Singer, Amit},
	journal={IEEE Transactions on Signal Processing},
	volume={66},
	number={4},
	pages={1037--1050},
	year={2017},
	publisher={IEEE}
}
